<record><leader>00000cas a2200000 a 4500</leader><controlfield tag="001">31440624</controlfield><controlfield tag="008">941110d19631977nyudr ne      0    0eng c</controlfield><datafield ind1=" " ind2=" " tag="010"><subfield code="a">sn 94061032 </subfield></datafield><datafield ind1=" " ind2=" " tag="040"><subfield code="a">NYS</subfield><subfield code="b">eng</subfield><subfield code="c">NYS</subfield><subfield code="d">OCLCQ</subfield><subfield code="d">OCLCF</subfield><subfield code="d">OCLCO</subfield></datafield><datafield ind1="1" ind2=" " tag="029"><subfield code="a">AU@</subfield><subfield code="b">000011432155</subfield></datafield><datafield ind1=" " ind2=" " tag="042"><subfield code="a">pcc</subfield></datafield><datafield ind1=" " ind2=" " tag="043"><subfield code="a">n-us-ny</subfield></datafield><datafield ind1="0" ind2=" " tag="130"><subfield code="a">Long Island press (Hempstead, N.Y.)</subfield></datafield><datafield ind1="1" ind2="0" tag="245"><subfield code="a">Long Island press.</subfield></datafield><datafield ind1="3" ind2="0" tag="246"><subfield code="a">Long Island Sunday press</subfield></datafield><datafield ind1=" " ind2=" " tag="250"><subfield code="a">Nassau ed.</subfield></datafield><datafield ind1=" " ind2=" " tag="260"><subfield code="a">Hempstead, N.Y. :</subfield><subfield code="b">Long Island Daily Press Pub. Co.,</subfield><subfield code="c">1963- 1977.</subfield></datafield><datafield ind1=" " ind2=" " tag="300"><subfield code="a">v.</subfield></datafield><datafield ind1=" " ind2=" " tag="310"><subfield code="a">Daily</subfield></datafield><datafield ind1="0" ind2=" " tag="362"><subfield code="a">No. 2942 (Feb. 7, 1963)-157th year, no. 83 (Mar. 25, 1977).</subfield></datafield><datafield ind1=" " ind2=" " tag="500"><subfield code="a">Sunday issue called: Long Island Sunday press.</subfield></datafield><datafield ind1=" " ind2=" " tag="580"><subfield code="a">Jamaica ed.: Long Island press (Jamaica, New York, N.Y.).</subfield></datafield><datafield ind1=" " ind2=" " tag="580"><subfield code="a">Suffolk ed.: Long Island press (Bay Shore, N.Y.).</subfield></datafield><datafield ind1=" " ind2="0" tag="651"><subfield code="a">Hempstead (N.Y.)</subfield><subfield code="v">Newspapers.</subfield></datafield><datafield ind1=" " ind2="0" tag="651"><subfield code="a">Nassau County (N.Y.)</subfield><subfield code="v">Newspapers.</subfield></datafield><datafield ind1=" " ind2="7" tag="655"><subfield code="a">Newspapers.</subfield><subfield code="2">fast</subfield><subfield code="0">(OCoLC)fst01423814</subfield></datafield><datafield ind1=" " ind2="7" tag="651"><subfield code="a">New York (State)</subfield><subfield code="z">Hempstead.</subfield><subfield code="2">fast</subfield><subfield code="0">(OCoLC)fst01207201</subfield></datafield><datafield ind1=" " ind2="7" tag="651"><subfield code="a">New York (State)</subfield><subfield code="z">Nassau County.</subfield><subfield code="2">fast</subfield><subfield code="0">(OCoLC)fst01205518</subfield></datafield><datafield ind1=" " ind2=" " tag="752"><subfield code="a">United States</subfield><subfield code="b">New York</subfield><subfield code="c">Nassau</subfield><subfield code="d">Hempstead.</subfield></datafield><datafield ind1="1" ind2=" " tag="775"><subfield code="a">Long Island press (Jamaica, New York, N.Y.)</subfield><subfield code="w">(DLC)sn 85042036</subfield></datafield><datafield ind1="1" ind2=" " tag="775"><subfield code="a">Long Island press (Bay Shore, N.Y.)</subfield><subfield code="w">(DLC)sn 94061033</subfield><subfield code="w">(OCoLC)31440749</subfield></datafield><datafield ind1="0" ind2="0" tag="780"><subfield code="t">Long Island daily press (Jamaica, New York, N.Y. : Nassau ed.)</subfield><subfield code="w">(DLC)sn 94061031</subfield><subfield code="w">(OCoLC)31439231</subfield></datafield></record>